@misc{bass2012software,
  title={Software Architecture in Practice. SEI Series in Soft. Eng},
  author={Bass, Len and Clements, Paul and Kazman, Rick},
  year={2012},
  publisher={Addison-Wesley Professional,}
}